@TechReport{PDR,
author = {Olsen, M. and Agten, D. and Hao, Z.},
title = {Preliminary Design Report - Electrical Power System},
institution = {Lule\r{a} University of Technology},
year = {2012},
OPTkey = {•},
OPTtype = {•},
number = {USPACE-PDR-EPS-A1},
OPTaddress = {•},
OPTmonth = {March},
OPTnote = {•},
OPTannote = {•}
}

@Misc{panasonic,
OPTkey = {•},
OPTauthor = {•},
title = {PA-L60.K02},
howpublished = {http://se.farnell.com/panasonic/pa-l60/battery-li-ion-1s1p-3-7v-1-03ah/dp/1900166},
month = {12th June},
year = {2012},
OPTnote = {•},
OPTannote = {•}
}


@Misc{avnetexpress,
OPTkey = {•},
author = {Avnet Express},
title = {RC7.2-75 PSA},
howpublished = {http://avnetexpress.avnet.com},
month = {12th June},
year = {2012},
OPTnote = {•},
OPTannote = {•}
}

@Misc{rcflight_battery,
OPTkey = {•},
author = {RC Flight},
title = {LM Fast Charge 2300 2S 20C LiPo},
howpublished = {http://rcflight.se/visaprodukt.aspx?id=1495},
OPTmonth = {•},
OPTyear = {•},
OPTnote = {•},
OPTannote = {•}
}

