@Article{CitationReference1, %use this keyword in latex to cite this article
author = {1MiddleName 1LastName, 1FirstName and 2MiddleName 2LastName, FirstName}, %you can add further authors, just separate each with an "and"
title = {Article Title},
journal = {IEEE etc.},
year = {2012},
OPTkey = {•},  
volume = {1},
OPTnumber = {•}, %OPTxxx means you don't have to write anything here. If you do, remove the "OPT" letters
pages = {27-33 etc.},
month = {April},
OPTnote = {•},
OPTannote = {•}
}

@Article{CitationReference2, %use this keyword in latex to cite this article
author = {1MiddleName 1LastName, 1FirstName and 2MiddleName 2LastName, FirstName}, %you can add further authors, just separate each with an "and"
title = {Article Title 2},
journal = {IEEE etc.},
year = {2012},
OPTkey = {•},  
volume = {1},
OPTnumber = {•}, %OPTxxx means you don't have to write anything here. If you do, remove the "OPT" letters
pages = {27-33 etc.},
month = {April},
OPTnote = {•},
OPTannote = {•}
}
