@InProceedings{B2RMourra,
author = {Mourra, O. and Fernandez, A. and Tonicello, F.},
title = {Buck Boost Regulator (B2R) for Spacecraft Solar Array Power Conversion},
booktitle = {Applied Power Electronics Conference and Exposition, 2010. Twenty-Fifth Annual IEEE},
year = {2010},
OPTkey = {key},
OPTvolume = {volume},
number = {25th},
pages = {1313--1319},
month = {February},
OPTnote = {note},
OPTannote = {annote},

}

@InProceedings{B2RErickson,
author = {Jingquan, C. and Maksimovic, D. and Erickson, R.},
title = {Buck-Boost PWM Converters Having Two Independently Controlled Switches},
booktitle = {Power Electronics Specialists Conference, 2001. 32nd Annual IEEE},
year = {2001},
OPTkey = {key},
volume = {2},
number = {32nd},
pages = {736--741},
OPTmonth = {month},
OPTnote = {note},
OPTannote = {annote},

}

@InProceedings{BoIBB-Erickson,
author = {Chen, J. and Maksimovic, D. and Erickson, R.},
title = {A New Low-Stress BuckBoost Converter for Universal-Input PFC Applications},
booktitle = {Applied Power Electronics Conference and Exposition, 2001. Sixteenth Annual IEEE},
OPTkey = {key},
pages = {343--349},
volume = {1},
number = {16th},
month = {March},
OPTnote = {note},
OPTannote = {annote},

}

@InProceedings{PCU4RosettaMarsExpress,
author = {Jensen, H. and Laursen, J.},
title = {Power Conditioning Unit for Rosetta/Mars Express},
booktitle = {Space Power Proceedings of the Sixth European Conference},
OPTkey = {key},
OPTpages = {pages},
year = {2002},
OPTvolume = {volume},
OPTnumber = {number},
month = {May},
address = {Porto},
OPTnote = {note},
OPTannote = {annote},
}


@InProceedings{AnotherS3R,
author = {Perol, P.},
title = {Another Look at the Sequential Switching Shunt Regulator},
booktitle = {Proceedings of the Fifth European Space Power Conference},
OPTkey = {key},
OPTpages = {pages},
year = {1998},
OPTvolume = {volume},
OPTnumber = {number},
month = {September},
OPTnote = {note},
address = {Tarragona, Spain},
OPTannote = {annote},
}

@Article{Ridley,
author = {Ridley, B.},
title = {A New Continuous-Time Model for Current-Mode Control},
journal = {IEEE Transactions on Power Electronics},
year = {1991},
OPTkey = {�?�},
volume = {6},
number = {2},
OPTpages = {�?�},
OPTmonth = {�?�},
OPTnote = {�?�},
OPTannote = {�?�}
}


@Article{InputFilterErickson,
author = {Jang, Yungtaek and W. Erickson, R.},
title = {Physical Origins of Input Filter Oscillations in Current Programmed Converters},
journal = {IEEE Transactions on Power Electronics},
year = {1992},
OPTkey = {�?�},
volume = {7},
number = {4},
OPTpages = {�?�},
month = {October},
OPTnote = {�?�},
OPTannote = {�?�}
}


@InProceedings{EOS,
author = {Denney, J. K.},
title = {Earth Observing System (EOS) Terra Spacecraft 120 Volt Power Subsystem},
booktitle = {35th Intersociety Energy Conversion Engineering Conference},
year = {2000},
OPTcrossref = {�?�},
OPTkey = {�?�},
OPTpages = {�?�},
OPTeditor = {�?�},
OPTvolume = {�?�},
OPTnumber = {�?�},
OPTseries = {�?�},
address = {Las Vegas, NV},
month = {July},
organization = {NASA Goddard Space Flight Center},
OPTpublisher = {�?�},
OPTnote = {�?�},
OPTannote = {�?�}
}


@Article{MSX,
author = {Panneton, P. E. and Jenkins, J. E.},
title = {The MSX Spacecraft Power Subsystem},
journal = {Johns Hopkins APL Technical Digest},
year = {1996},
OPTkey = {�?�},
volume = {17},
number = {1},
pages = {77--87},
OPTmonth = {�?�},
OPTnote = {�?�},
OPTannote = {�?�}
}

@Article{Marian,
author = {Kazimierczuk, M. K.},
title = {Transfer Function of Current Modulator in PWM Converters with Current-Mode Control},
journal = {IEEE Transactions on Circuits and Systems},
year = {2000},
OPTkey = {�?�},
volume = {47},
number = {9},
pages = {1407--1412},
month = {September},
OPTnote = {�?�},
OPTannote = {�?�}
}

@Article{Gradella,
author = {Gradella, M. Villalva and Gazoli, J. Rafael and Filho, E. Ruppert},
title = {Comprehensive Approach to Modeling and Simulation of Photovoltaic Arrays},
journal = {IEEE Transactions on Power Electronics},
year = {2009},
OPTkey = {�?�},
volume = {24},
number = {5},
pages = {1198--1208},
month = {May},
OPTnote = {�?�},
OPTannote = {�?�}
}

@InCollection{RHPZCancellation,
author = {D\'iaz, D. and Garc\'ia, O. and Oliver, J. A. and Alou, P. and Cobos, J. A.},
title = {Analysis and Design Consideration for the Right Half-Plane Zero Cancellation on a Boost Derived dc/dc Converter},
booktitle = {IEEE},
OPTcrossref = {?},
OPTkey = {?},
OPTpages = {?},
OPTpublisher = {?},
year = {2008},
OPTeditor = {?},
OPTvolume = {?},
OPTnumber = {?},
OPTseries = {?},
OPTtype = {?},
OPTchapter = {?},
OPTaddress = {?},
OPTedition = {?},
OPTmonth = {?},
OPTnote = {?},
OPTannote = {?}
}
