@Book{Mukund,
ALTauthor = {Patel, Mukund R.},
ALTeditor = {•},
title = {Spacecraft Power Systems},
publisher = {CRC Press},
year = {2005},
OPTkey = {•},
OPTvolume = {•},
OPTnumber = {•},
OPTseries = {•},
OPTaddress = {•},
OPTedition = {•},
OPTmonth = {•},
OPTnote = {•},
OPTannote = {•}
}

@TechReport{MC_Solar_Cell,
author = {Multicomp},
title = {MC-SP0.8-NF-GCS},
institution = {www.farnell.com},
year = {2010},
OPTkey = {•},
OPTtype = {•},
OPTnumber = {•},
OPTaddress = {•},
OPTmonth = {•},
OPTnote = {•},
OPTannote = {•}
}


@TechReport{Panasonic,
author = {Panasonic},
title = {PA-LN19.K02.R001},
institution = {http://www.farnell.com/datasheets/1441772.pdf},
year = {2011},
OPTkey = {•},
OPTtype = {•},
OPTnumber = {•},
OPTaddress = {•},
OPTmonth = {•},
OPTnote = {•},
OPTannote = {•}
}

